@article{wickham2016package,
  title={Package ‘ggplot2’},
  author={Wickham, Hadley and Chang, Winston and Wickham, Maintainer Hadley},
  journal={Create elegant data visualisations using the grammar of graphics. Version},
  volume={2},
  number={1},
  pages={1--189},
  year={2016}
}


@misc{sta101su2024,
	author = {Kat Husar},
	title = {{S}{T}{A} 101 - {S}ummer 24 - {S}{T}{A} 101: {D}ata {A}nalysis and {S}tatistical {I}nference --- sta101-su2024.github.io},
	howpublished = {\url{https://sta101-su2024.github.io/}},
	year = {2024},
	note = {[Accessed 21-06-2024]},
}